@online{gmbhTravelingSalesmanProblemOperationsResearch,
  title = {Traveling-Salesman-Problem - Operations Research 2},
  author = {GmbH, examio},
  url = {https://www.ingenieurkurse.de/operations-research-2/kombinatorische-optimierung/traveling-salesman-problem.html},
  urldate = {2023-01-09},
  abstract = {Das Traveling-Salesman-Problem (auch: Rundreiseproblem) TSP geh√∂rt zu den kombinatorischen Optimierungsproblemen. Es handelt sich hierbei um ein Rundreiseproblem, bei welchem mehrere Orte unter Minimierung der Reisezeit oder der Kosten nacheinander angesteuert werden sollen.},
  langid = {ngerman},
  organization = {{Traveling-Salesman-Problem - Operations Research 2}},
  file = {C\:\\Users\\lucas\\Zotero\\storage\\4LUECWNT\\traveling-salesman-problem.html}
}

@online{TravellingSalesmanProblemProblemHandlungsreisenden,
  title = {Travelling-{{Salesman-Problem}} ({{Problem}} Des {{Handlungsreisenden}}) | {{Operations Research}} - {{Welt}} Der {{BWL}}},
  url = {https://welt-der-bwl.de/Travelling-Salesman-Problem},
  urldate = {2023-01-09},
  file = {C\:\\Users\\lucas\\Zotero\\storage\\HA3F6CJP\\Travelling-Salesman-Problem.html}
}
